%YAML 1.1
%TAG !u! tag:unity3d.com,2011:
--- !u!1 &45653565104393179
GameObject:
  m_ObjectHideFlags: 0
  m_CorrespondingSourceObject: {fileID: 0}
  m_PrefabInstance: {fileID: 0}
  m_PrefabAsset: {fileID: 0}
  serializedVersion: 6
  m_Component:
  - component: {fileID: 4069258693223680473}
  m_Layer: 0
  m_Name: endTangent
  m_TagString: Untagged
  m_Icon: {fileID: 0}
  m_NavMeshLayer: 0
  m_StaticEditorFlags: 0
  m_IsActive: 1
--- !u!4 &4069258693223680473
Transform:
  m_ObjectHideFlags: 0
  m_CorrespondingSourceObject: {fileID: 0}
  m_PrefabInstance: {fileID: 0}
  m_PrefabAsset: {fileID: 0}
  m_GameObject: {fileID: 45653565104393179}
  m_LocalRotation: {x: 0, y: 0, z: 0, w: 1}
  m_LocalPosition: {x: -34.1, y: -1.8, z: -0.1}
  m_LocalScale: {x: 1, y: 1, z: 1}
  m_Children: []
  m_Father: {fileID: 8143552726209534990}
  m_RootOrder: 1
  m_LocalEulerAnglesHint: {x: 0, y: 0, z: 0}
--- !u!1 &208870890859649746
GameObject:
  m_ObjectHideFlags: 0
  m_CorrespondingSourceObject: {fileID: 0}
  m_PrefabInstance: {fileID: 0}
  m_PrefabAsset: {fileID: 0}
  serializedVersion: 6
  m_Component:
  - component: {fileID: 897517462142858203}
  m_Layer: 10
  m_Name: endTangent
  m_TagString: Untagged
  m_Icon: {fileID: 0}
  m_NavMeshLayer: 0
  m_StaticEditorFlags: 0
  m_IsActive: 1
--- !u!4 &897517462142858203
Transform:
  m_ObjectHideFlags: 0
  m_CorrespondingSourceObject: {fileID: 0}
  m_PrefabInstance: {fileID: 0}
  m_PrefabAsset: {fileID: 0}
  m_GameObject: {fileID: 208870890859649746}
  m_LocalRotation: {x: 0, y: 0, z: 0, w: 1}
  m_LocalPosition: {x: 0.0003, y: -0.213, z: 0.0682}
  m_LocalScale: {x: 1, y: 1, z: 1}
  m_Children: []
  m_Father: {fileID: 7880363365018985323}
  m_RootOrder: 1
  m_LocalEulerAnglesHint: {x: 0, y: 0, z: 0}
--- !u!1 &232724249332779324
GameObject:
  m_ObjectHideFlags: 0
  m_CorrespondingSourceObject: {fileID: 0}
  m_PrefabInstance: {fileID: 0}
  m_PrefabAsset: {fileID: 0}
  serializedVersion: 6
  m_Component:
  - component: {fileID: 111079654555715656}
  m_Layer: 10
  m_Name: CablesPoints_2183178
  m_TagString: Untagged
  m_Icon: {fileID: 0}
  m_NavMeshLayer: 0
  m_StaticEditorFlags: 0
  m_IsActive: 0
--- !u!4 &111079654555715656
Transform:
  m_ObjectHideFlags: 0
  m_CorrespondingSourceObject: {fileID: 0}
  m_PrefabInstance: {fileID: 0}
  m_PrefabAsset: {fileID: 0}
  m_GameObject: {fileID: 232724249332779324}
  m_LocalRotation: {x: 0, y: 0, z: 0, w: 1}
  m_LocalPosition: {x: 0, y: 0, z: 0}
  m_LocalScale: {x: 1, y: 1, z: 1}
  m_Children:
  - {fileID: 809108500711801952}
  - {fileID: 8143552726209534990}
  - {fileID: 7880363365018985323}
  - {fileID: 2514430343570512285}
  - {fileID: 4706624620381401065}
  - {fileID: 8914201723656108894}
  m_Father: {fileID: 0}
  m_RootOrder: 0
  m_LocalEulerAnglesHint: {x: 0, y: 0, z: 0}
--- !u!1 &236022285342880055
GameObject:
  m_ObjectHideFlags: 0
  m_CorrespondingSourceObject: {fileID: 0}
  m_PrefabInstance: {fileID: 0}
  m_PrefabAsset: {fileID: 0}
  serializedVersion: 6
  m_Component:
  - component: {fileID: 3727357224392649669}
  m_Layer: 0
  m_Name: startTangent
  m_TagString: Untagged
  m_Icon: {fileID: 0}
  m_NavMeshLayer: 0
  m_StaticEditorFlags: 0
  m_IsActive: 1
--- !u!4 &3727357224392649669
Transform:
  m_ObjectHideFlags: 0
  m_CorrespondingSourceObject: {fileID: 0}
  m_PrefabInstance: {fileID: 0}
  m_PrefabAsset: {fileID: 0}
  m_GameObject: {fileID: 236022285342880055}
  m_LocalRotation: {x: 0, y: 0, z: 0, w: 1}
  m_LocalPosition: {x: 6.9, y: 49, z: -0.6}
  m_LocalScale: {x: 1, y: 1, z: 1}
  m_Children: []
  m_Father: {fileID: 8914201723656108894}
  m_RootOrder: 0
  m_LocalEulerAnglesHint: {x: 0, y: 0, z: 0}
--- !u!1 &252824045622958482
GameObject:
  m_ObjectHideFlags: 0
  m_CorrespondingSourceObject: {fileID: 0}
  m_PrefabInstance: {fileID: 0}
  m_PrefabAsset: {fileID: 0}
  serializedVersion: 6
  m_Component:
  - component: {fileID: 42480936853971087}
  m_Layer: 10
  m_Name: startTangent
  m_TagString: Untagged
  m_Icon: {fileID: 0}
  m_NavMeshLayer: 0
  m_StaticEditorFlags: 0
  m_IsActive: 1
--- !u!4 &42480936853971087
Transform:
  m_ObjectHideFlags: 0
  m_CorrespondingSourceObject: {fileID: 0}
  m_PrefabInstance: {fileID: 0}
  m_PrefabAsset: {fileID: 0}
  m_GameObject: {fileID: 252824045622958482}
  m_LocalRotation: {x: 0, y: 0, z: 0, w: 1}
  m_LocalPosition: {x: 0, y: 0.19, z: -0.063}
  m_LocalScale: {x: 1, y: 1, z: 1}
  m_Children: []
  m_Father: {fileID: 7880363365018985323}
  m_RootOrder: 0
  m_LocalEulerAnglesHint: {x: 0, y: 0, z: 0}
--- !u!1 &394280849059457828
GameObject:
  m_ObjectHideFlags: 0
  m_CorrespondingSourceObject: {fileID: 0}
  m_PrefabInstance: {fileID: 0}
  m_PrefabAsset: {fileID: 0}
  serializedVersion: 6
  m_Component:
  - component: {fileID: 1857049463508933843}
  m_Layer: 10
  m_Name: startTangent (1)
  m_TagString: Untagged
  m_Icon: {fileID: 0}
  m_NavMeshLayer: 0
  m_StaticEditorFlags: 0
  m_IsActive: 1
--- !u!4 &1857049463508933843
Transform:
  m_ObjectHideFlags: 0
  m_CorrespondingSourceObject: {fileID: 0}
  m_PrefabInstance: {fileID: 0}
  m_PrefabAsset: {fileID: 0}
  m_GameObject: {fileID: 394280849059457828}
  m_LocalRotation: {x: -0, y: -0, z: -0, w: 1}
  m_LocalPosition: {x: -0.0153999925, y: 0.18999997, z: -0.062999964}
  m_LocalScale: {x: 1, y: 1, z: 1}
  m_Children: []
  m_Father: {fileID: 2514430343570512285}
  m_RootOrder: 0
  m_LocalEulerAnglesHint: {x: 0, y: 0, z: 0}
--- !u!1 &969519290057892475
GameObject:
  m_ObjectHideFlags: 0
  m_CorrespondingSourceObject: {fileID: 0}
  m_PrefabInstance: {fileID: 0}
  m_PrefabAsset: {fileID: 0}
  serializedVersion: 6
  m_Component:
  - component: {fileID: 1644474470228965524}
  m_Layer: 0
  m_Name: connector
  m_TagString: Untagged
  m_Icon: {fileID: 0}
  m_NavMeshLayer: 0
  m_StaticEditorFlags: 0
  m_IsActive: 1
--- !u!4 &1644474470228965524
Transform:
  m_ObjectHideFlags: 0
  m_CorrespondingSourceObject: {fileID: 0}
  m_PrefabInstance: {fileID: 0}
  m_PrefabAsset: {fileID: 0}
  m_GameObject: {fileID: 969519290057892475}
  m_LocalRotation: {x: 0, y: 0, z: 0, w: 1}
  m_LocalPosition: {x: -8.7, y: 0.4, z: -0.1}
  m_LocalScale: {x: 1, y: 1, z: 1}
  m_Children: []
  m_Father: {fileID: 8143552726209534990}
  m_RootOrder: 0
  m_LocalEulerAnglesHint: {x: 0, y: 0, z: 0}
--- !u!1 &1923073289411706331
GameObject:
  m_ObjectHideFlags: 0
  m_CorrespondingSourceObject: {fileID: 0}
  m_PrefabInstance: {fileID: 0}
  m_PrefabAsset: {fileID: 0}
  serializedVersion: 6
  m_Component:
  - component: {fileID: 2514430343570512285}
  m_Layer: 10
  m_Name: cableJoint (2)
  m_TagString: Untagged
  m_Icon: {fileID: 0}
  m_NavMeshLayer: 0
  m_StaticEditorFlags: 0
  m_IsActive: 1
--- !u!4 &2514430343570512285
Transform:
  m_ObjectHideFlags: 0
  m_CorrespondingSourceObject: {fileID: 0}
  m_PrefabInstance: {fileID: 0}
  m_PrefabAsset: {fileID: 0}
  m_GameObject: {fileID: 1923073289411706331}
  m_LocalRotation: {x: 0, y: 0, z: 0, w: 1}
  m_LocalPosition: {x: -0.5796, y: -0.497, z: 2.1362}
  m_LocalScale: {x: 1, y: 1, z: 1}
  m_Children:
  - {fileID: 1857049463508933843}
  - {fileID: 5878446865930798656}
  m_Father: {fileID: 111079654555715656}
  m_RootOrder: 3
  m_LocalEulerAnglesHint: {x: 0, y: 0, z: 0}
--- !u!1 &5433887689735086865
GameObject:
  m_ObjectHideFlags: 0
  m_CorrespondingSourceObject: {fileID: 0}
  m_PrefabInstance: {fileID: 0}
  m_PrefabAsset: {fileID: 0}
  serializedVersion: 6
  m_Component:
  - component: {fileID: 5619466244108584350}
  m_Layer: 0
  m_Name: connector(1)
  m_TagString: Untagged
  m_Icon: {fileID: 0}
  m_NavMeshLayer: 0
  m_StaticEditorFlags: 0
  m_IsActive: 1
--- !u!4 &5619466244108584350
Transform:
  m_ObjectHideFlags: 0
  m_CorrespondingSourceObject: {fileID: 0}
  m_PrefabInstance: {fileID: 0}
  m_PrefabAsset: {fileID: 0}
  m_GameObject: {fileID: 5433887689735086865}
  m_LocalRotation: {x: 0, y: 0, z: 0, w: 1}
  m_LocalPosition: {x: -8.7, y: -0, z: -0}
  m_LocalScale: {x: 1, y: 1, z: 1}
  m_Children: []
  m_Father: {fileID: 809108500711801952}
  m_RootOrder: 0
  m_LocalEulerAnglesHint: {x: 0, y: 0, z: 0}
--- !u!1 &5572593568524699221
GameObject:
  m_ObjectHideFlags: 0
  m_CorrespondingSourceObject: {fileID: 0}
  m_PrefabInstance: {fileID: 0}
  m_PrefabAsset: {fileID: 0}
  serializedVersion: 6
  m_Component:
  - component: {fileID: 6531268154516232760}
  m_Layer: 0
  m_Name: startTangent
  m_TagString: Untagged
  m_Icon: {fileID: 0}
  m_NavMeshLayer: 0
  m_StaticEditorFlags: 0
  m_IsActive: 1
--- !u!4 &6531268154516232760
Transform:
  m_ObjectHideFlags: 0
  m_CorrespondingSourceObject: {fileID: 0}
  m_PrefabInstance: {fileID: 0}
  m_PrefabAsset: {fileID: 0}
  m_GameObject: {fileID: 5572593568524699221}
  m_LocalRotation: {x: 0, y: 0, z: 0, w: 1}
  m_LocalPosition: {x: 2.2, y: 49.9, z: 0.9}
  m_LocalScale: {x: 1, y: 1, z: 1}
  m_Children: []
  m_Father: {fileID: 4706624620381401065}
  m_RootOrder: 0
  m_LocalEulerAnglesHint: {x: 0, y: 0, z: 0}
--- !u!1 &6251466685895941204
GameObject:
  m_ObjectHideFlags: 0
  m_CorrespondingSourceObject: {fileID: 0}
  m_PrefabInstance: {fileID: 0}
  m_PrefabAsset: {fileID: 0}
  serializedVersion: 6
  m_Component:
  - component: {fileID: 2571111194964708606}
  m_Layer: 0
  m_Name: endTangent
  m_TagString: Untagged
  m_Icon: {fileID: 0}
  m_NavMeshLayer: 0
  m_StaticEditorFlags: 0
  m_IsActive: 1
--- !u!4 &2571111194964708606
Transform:
  m_ObjectHideFlags: 0
  m_CorrespondingSourceObject: {fileID: 0}
  m_PrefabInstance: {fileID: 0}
  m_PrefabAsset: {fileID: 0}
  m_GameObject: {fileID: 6251466685895941204}
  m_LocalRotation: {x: 0, y: 0, z: 0, w: 1}
  m_LocalPosition: {x: -37.3, y: 0.7, z: -0}
  m_LocalScale: {x: 1, y: 1, z: 1}
  m_Children: []
  m_Father: {fileID: 809108500711801952}
  m_RootOrder: 1
  m_LocalEulerAnglesHint: {x: 0, y: 0, z: 0}
--- !u!1 &6313412209923466033
GameObject:
  m_ObjectHideFlags: 0
  m_CorrespondingSourceObject: {fileID: 0}
  m_PrefabInstance: {fileID: 0}
  m_PrefabAsset: {fileID: 0}
  serializedVersion: 6
  m_Component:
  - component: {fileID: 4706624620381401065}
  - component: {fileID: 4075680866097630286}
  - component: {fileID: 7241588720418191281}
  - component: {fileID: 5887481171302878728}
  m_Layer: 0
  m_Name: cableSimulation (1)(1)
  m_TagString: Untagged
  m_Icon: {fileID: 0}
  m_NavMeshLayer: 0
  m_StaticEditorFlags: 0
  m_IsActive: 1
--- !u!4 &4706624620381401065
Transform:
  m_ObjectHideFlags: 0
  m_CorrespondingSourceObject: {fileID: 0}
  m_PrefabInstance: {fileID: 0}
  m_PrefabAsset: {fileID: 0}
  m_GameObject: {fileID: 6313412209923466033}
  m_LocalRotation: {x: -0.1050158, y: 0.6992652, z: -0.10501576, w: 0.6992651}
  m_LocalPosition: {x: -0.5793, y: -0.5062911, z: 2.1464732}
  m_LocalScale: {x: 0.010000006, y: 0.01, z: 0.010000006}
  m_Children:
  - {fileID: 6531268154516232760}
  - {fileID: 3371625818701594312}
  m_Father: {fileID: 111079654555715656}
  m_RootOrder: 4
  m_LocalEulerAnglesHint: {x: 0, y: 0, z: 0}
--- !u!137 &4075680866097630286
SkinnedMeshRenderer:
  m_ObjectHideFlags: 0
  m_CorrespondingSourceObject: {fileID: 0}
  m_PrefabInstance: {fileID: 0}
  m_PrefabAsset: {fileID: 0}
  m_GameObject: {fileID: 6313412209923466033}
  m_Enabled: 1
  m_CastShadows: 1
  m_ReceiveShadows: 1
  m_DynamicOccludee: 1
  m_MotionVectors: 1
  m_LightProbeUsage: 1
  m_ReflectionProbeUsage: 1
  m_RenderingLayerMask: 1
  m_RendererPriority: 0
  m_Materials:
  - {fileID: 2100000, guid: 3cd1dfe9fa6f3fa44a37917fc141311f, type: 2}
  m_StaticBatchInfo:
    firstSubMesh: 0
    subMeshCount: 0
  m_StaticBatchRoot: {fileID: 0}
  m_ProbeAnchor: {fileID: 0}
  m_LightProbeVolumeOverride: {fileID: 0}
  m_ScaleInLightmap: 1
  m_PreserveUVs: 0
  m_IgnoreNormalsForChartDetection: 0
  m_ImportantGI: 0
  m_StitchLightmapSeams: 0
  m_SelectedEditorRenderState: 3
  m_MinimumChartSize: 4
  m_AutoUVMaxDistance: 0.5
  m_AutoUVMaxAngle: 89
  m_LightmapParameters: {fileID: 0}
  m_SortingLayerID: 0
  m_SortingLayer: 0
  m_SortingOrder: 0
  serializedVersion: 2
  m_Quality: 0
  m_UpdateWhenOffscreen: 0
  m_SkinnedMotionVectors: 1
  m_Mesh: {fileID: 0}
  m_Bones: []
  m_BlendShapeWeights: []
  m_RootBone: {fileID: 0}
  m_AABB:
    m_Center: {x: -1.2256756, y: 34.913433, z: 4.566765}
    m_Extent: {x: 7.6905785, y: 34.506397, z: 3.8112833}
  m_DirtyAABB: 0
--- !u!114 &7241588720418191281
MonoBehaviour:
  m_ObjectHideFlags: 0
  m_CorrespondingSourceObject: {fileID: 0}
  m_PrefabInstance: {fileID: 0}
  m_PrefabAsset: {fileID: 0}
  m_GameObject: {fileID: 6313412209923466033}
  m_Enabled: 0
  m_EditorHideFlags: 0
  m_Script: {fileID: 11500000, guid: 116bfeb498e34ac45b340f3a900a5bd8, type: 3}
  m_Name: 
  m_EditorClassIdentifier: 
  hemiteHoseCable: {fileID: 0}
  bezierHoseCable: {fileID: 5887481171302878728}
  startPos: {fileID: 7880363365018985323}
  endPos: {fileID: 5619466244108584350}
  endTangentPoint: {fileID: 2571111194964708606}
  startTangentPoint: {fileID: 6531268154516232760}
  isBezierCable: 1
--- !u!114 &5887481171302878728
MonoBehaviour:
  m_ObjectHideFlags: 0
  m_CorrespondingSourceObject: {fileID: 0}
  m_PrefabInstance: {fileID: 0}
  m_PrefabAsset: {fileID: 0}
  m_GameObject: {fileID: 6313412209923466033}
  m_Enabled: 1
  m_EditorHideFlags: 0
  m_Script: {fileID: -1488553046, guid: 9613887f18bbe8b46a359f13ee8e358f, type: 3}
  m_Name: 
  m_EditorClassIdentifier: 
  polygon: 8
  segment: 0.25
  radius: 1
  seal: 0
  anchor:
    start: {x: 0.3061037, y: 0.42308095, z: 1.7654471}
    end: {x: 6.166003, y: 68.465546, z: 7.378048}
    startTangent: {x: 1.062863, y: 49.66931, z: 1.4656281}
    endTangent: {x: -22.108704, y: 59.628937, z: 7.3806763}
--- !u!1 &6313498037364846252
GameObject:
  m_ObjectHideFlags: 0
  m_CorrespondingSourceObject: {fileID: 0}
  m_PrefabInstance: {fileID: 0}
  m_PrefabAsset: {fileID: 0}
  serializedVersion: 6
  m_Component:
  - component: {fileID: 1435440229490084817}
  m_Layer: 0
  m_Name: startPos
  m_TagString: Untagged
  m_Icon: {fileID: 0}
  m_NavMeshLayer: 0
  m_StaticEditorFlags: 0
  m_IsActive: 1
--- !u!4 &1435440229490084817
Transform:
  m_ObjectHideFlags: 0
  m_CorrespondingSourceObject: {fileID: 0}
  m_PrefabInstance: {fileID: 0}
  m_PrefabAsset: {fileID: 0}
  m_GameObject: {fileID: 6313498037364846252}
  m_LocalRotation: {x: 0, y: 0, z: 0, w: 1}
  m_LocalPosition: {x: 0.5, y: 1.26, z: 1.4}
  m_LocalScale: {x: 1, y: 1, z: 1}
  m_Children: []
  m_Father: {fileID: 8914201723656108894}
  m_RootOrder: 1
  m_LocalEulerAnglesHint: {x: 0, y: 0, z: 0}
--- !u!1 &7157864706760087430
GameObject:
  m_ObjectHideFlags: 0
  m_CorrespondingSourceObject: {fileID: 0}
  m_PrefabInstance: {fileID: 0}
  m_PrefabAsset: {fileID: 0}
  serializedVersion: 6
  m_Component:
  - component: {fileID: 7880363365018985323}
  m_Layer: 10
  m_Name: cableJoint (1)
  m_TagString: Untagged
  m_Icon: {fileID: 0}
  m_NavMeshLayer: 0
  m_StaticEditorFlags: 0
  m_IsActive: 1
--- !u!4 &7880363365018985323
Transform:
  m_ObjectHideFlags: 0
  m_CorrespondingSourceObject: {fileID: 0}
  m_PrefabInstance: {fileID: 0}
  m_PrefabAsset: {fileID: 0}
  m_GameObject: {fileID: 7157864706760087430}
  m_LocalRotation: {x: 0, y: 0, z: 0, w: 1}
  m_LocalPosition: {x: -0.5594, y: -0.497, z: 2.1399}
  m_LocalScale: {x: 1, y: 1, z: 1}
  m_Children:
  - {fileID: 42480936853971087}
  - {fileID: 897517462142858203}
  m_Father: {fileID: 111079654555715656}
  m_RootOrder: 2
  m_LocalEulerAnglesHint: {x: 0, y: 0, z: 0}
--- !u!1 &7224848198185246122
GameObject:
  m_ObjectHideFlags: 0
  m_CorrespondingSourceObject: {fileID: 0}
  m_PrefabInstance: {fileID: 0}
  m_PrefabAsset: {fileID: 0}
  serializedVersion: 6
  m_Component:
  - component: {fileID: 8914201723656108894}
  - component: {fileID: 5633166454571303947}
  - component: {fileID: 8379692976798974691}
  - component: {fileID: 30466451113543211}
  m_Layer: 0
  m_Name: cableSimulation (2) (2)
  m_TagString: Untagged
  m_Icon: {fileID: 0}
  m_NavMeshLayer: 0
  m_StaticEditorFlags: 0
  m_IsActive: 1
--- !u!4 &8914201723656108894
Transform:
  m_ObjectHideFlags: 0
  m_CorrespondingSourceObject: {fileID: 0}
  m_PrefabInstance: {fileID: 0}
  m_PrefabAsset: {fileID: 0}
  m_GameObject: {fileID: 7224848198185246122}
  m_LocalRotation: {x: -0.1050158, y: 0.6992652, z: -0.10501576, w: 0.6992651}
  m_LocalPosition: {x: -0.5793, y: -0.5062911, z: 2.1464732}
  m_LocalScale: {x: 0.010000006, y: 0.01, z: 0.010000006}
  m_Children:
  - {fileID: 3727357224392649669}
  - {fileID: 1435440229490084817}
  m_Father: {fileID: 111079654555715656}
  m_RootOrder: 5
  m_LocalEulerAnglesHint: {x: 0, y: 0, z: 0}
--- !u!137 &5633166454571303947
SkinnedMeshRenderer:
  m_ObjectHideFlags: 0
  m_CorrespondingSourceObject: {fileID: 0}
  m_PrefabInstance: {fileID: 0}
  m_PrefabAsset: {fileID: 0}
  m_GameObject: {fileID: 7224848198185246122}
  m_Enabled: 1
  m_CastShadows: 1
  m_ReceiveShadows: 1
  m_DynamicOccludee: 1
  m_MotionVectors: 1
  m_LightProbeUsage: 1
  m_ReflectionProbeUsage: 1
  m_RenderingLayerMask: 1
  m_RendererPriority: 0
  m_Materials:
  - {fileID: 2100000, guid: 3cd1dfe9fa6f3fa44a37917fc141311f, type: 2}
  m_StaticBatchInfo:
    firstSubMesh: 0
    subMeshCount: 0
  m_StaticBatchRoot: {fileID: 0}
  m_ProbeAnchor: {fileID: 0}
  m_LightProbeVolumeOverride: {fileID: 0}
  m_ScaleInLightmap: 1
  m_PreserveUVs: 0
  m_IgnoreNormalsForChartDetection: 0
  m_ImportantGI: 0
  m_StitchLightmapSeams: 0
  m_SelectedEditorRenderState: 3
  m_MinimumChartSize: 4
  m_AutoUVMaxDistance: 0.5
  m_AutoUVMaxAngle: 89
  m_LightmapParameters: {fileID: 0}
  m_SortingLayerID: 0
  m_SortingLayer: 0
  m_SortingOrder: 0
  serializedVersion: 2
  m_Quality: 0
  m_UpdateWhenOffscreen: 0
  m_SkinnedMotionVectors: 1
  m_Mesh: {fileID: 0}
  m_Bones: []
  m_BlendShapeWeights: []
  m_RootBone: {fileID: 0}
  m_AABB:
    m_Center: {x: -0.1676724, y: 31.62448, z: 3.4189835}
    m_Extent: {x: 6.299741, y: 31.27593, z: 4.9497566}
  m_DirtyAABB: 0
--- !u!114 &8379692976798974691
MonoBehaviour:
  m_ObjectHideFlags: 0
  m_CorrespondingSourceObject: {fileID: 0}
  m_PrefabInstance: {fileID: 0}
  m_PrefabAsset: {fileID: 0}
  m_GameObject: {fileID: 7224848198185246122}
  m_Enabled: 0
  m_EditorHideFlags: 0
  m_Script: {fileID: 11500000, guid: 116bfeb498e34ac45b340f3a900a5bd8, type: 3}
  m_Name: 
  m_EditorClassIdentifier: 
  hemiteHoseCable: {fileID: 0}
  bezierHoseCable: {fileID: 30466451113543211}
  startPos: {fileID: 2514430343570512285}
  endPos: {fileID: 1644474470228965524}
  endTangentPoint: {fileID: 4069258693223680473}
  startTangentPoint: {fileID: 3727357224392649669}
  isBezierCable: 1
--- !u!114 &30466451113543211
MonoBehaviour:
  m_ObjectHideFlags: 0
  m_CorrespondingSourceObject: {fileID: 0}
  m_PrefabInstance: {fileID: 0}
  m_PrefabAsset: {fileID: 0}
  m_GameObject: {fileID: 7224848198185246122}
  m_Enabled: 1
  m_EditorHideFlags: 0
  m_Script: {fileID: -1488553046, guid: 9613887f18bbe8b46a359f13ee8e358f, type: 3}
  m_Name: 
  m_EditorClassIdentifier: 
  polygon: 8
  segment: 0.25
  radius: 1
  seal: 0
  anchor:
    start: {x: 0.59146744, y: 0.42405313, z: 0.251776}
    end: {x: 5.7372007, y: 61.983276, z: 7.378048}
    startTangent: {x: 2.3685493, y: 47.912754, z: -2.892719}
    endTangent: {x: -17.12073, y: 51.969475, z: 4.2471466}
--- !u!1 &7456079465786885043
GameObject:
  m_ObjectHideFlags: 0
  m_CorrespondingSourceObject: {fileID: 0}
  m_PrefabInstance: {fileID: 0}
  m_PrefabAsset: {fileID: 0}
  serializedVersion: 6
  m_Component:
  - component: {fileID: 3371625818701594312}
  m_Layer: 0
  m_Name: startPos
  m_TagString: Untagged
  m_Icon: {fileID: 0}
  m_NavMeshLayer: 0
  m_StaticEditorFlags: 0
  m_IsActive: 1
--- !u!4 &3371625818701594312
Transform:
  m_ObjectHideFlags: 0
  m_CorrespondingSourceObject: {fileID: 0}
  m_PrefabInstance: {fileID: 0}
  m_PrefabAsset: {fileID: 0}
  m_GameObject: {fileID: 7456079465786885043}
  m_LocalRotation: {x: 0, y: 0, z: 0, w: 1}
  m_LocalPosition: {x: 0.5, y: 1.26, z: 1.4}
  m_LocalScale: {x: 1, y: 1, z: 1}
  m_Children: []
  m_Father: {fileID: 4706624620381401065}
  m_RootOrder: 1
  m_LocalEulerAnglesHint: {x: 0, y: 0, z: 0}
--- !u!1 &7798653961843068741
GameObject:
  m_ObjectHideFlags: 0
  m_CorrespondingSourceObject: {fileID: 0}
  m_PrefabInstance: {fileID: 0}
  m_PrefabAsset: {fileID: 0}
  serializedVersion: 6
  m_Component:
  - component: {fileID: 809108500711801952}
  - component: {fileID: 8112354365082639490}
  - component: {fileID: 5738295833233592282}
  m_Layer: 0
  m_Name: cableConnector (1)
  m_TagString: Untagged
  m_Icon: {fileID: 0}
  m_NavMeshLayer: 0
  m_StaticEditorFlags: 0
  m_IsActive: 1
--- !u!4 &809108500711801952
Transform:
  m_ObjectHideFlags: 0
  m_CorrespondingSourceObject: {fileID: 0}
  m_PrefabInstance: {fileID: 0}
  m_PrefabAsset: {fileID: 0}
  m_GameObject: {fileID: 7798653961843068741}
  m_LocalRotation: {x: 0.022846607, y: 0.7067377, z: 0.02284663, w: 0.70673764}
  m_LocalPosition: {x: -0.503, y: 0.13572943, z: 1.8012607}
  m_LocalScale: {x: 0.01000003, y: 0.010000002, z: 0.0100000305}
  m_Children:
  - {fileID: 5619466244108584350}
  - {fileID: 2571111194964708606}
  m_Father: {fileID: 111079654555715656}
  m_RootOrder: 0
  m_LocalEulerAnglesHint: {x: 0, y: 0, z: 20.785002}
--- !u!33 &8112354365082639490
MeshFilter:
  m_ObjectHideFlags: 0
  m_CorrespondingSourceObject: {fileID: 0}
  m_PrefabInstance: {fileID: 0}
  m_PrefabAsset: {fileID: 0}
  m_GameObject: {fileID: 7798653961843068741}
  m_Mesh: {fileID: 4300010, guid: 8adca09b6c4009141bb145948948ca88, type: 3}
--- !u!23 &5738295833233592282
MeshRenderer:
  m_ObjectHideFlags: 0
  m_CorrespondingSourceObject: {fileID: 0}
  m_PrefabInstance: {fileID: 0}
  m_PrefabAsset: {fileID: 0}
  m_GameObject: {fileID: 7798653961843068741}
  m_Enabled: 1
  m_CastShadows: 1
  m_ReceiveShadows: 1
  m_DynamicOccludee: 1
  m_MotionVectors: 1
  m_LightProbeUsage: 1
  m_ReflectionProbeUsage: 1
  m_RenderingLayerMask: 1
  m_RendererPriority: 0
  m_Materials:
  - {fileID: 2100000, guid: dcb3ce457a1408a409dca6ca4df4a373, type: 2}
  m_StaticBatchInfo:
    firstSubMesh: 0
    subMeshCount: 0
  m_StaticBatchRoot: {fileID: 0}
  m_ProbeAnchor: {fileID: 0}
  m_LightProbeVolumeOverride: {fileID: 0}
  m_ScaleInLightmap: 1
  m_PreserveUVs: 0
  m_IgnoreNormalsForChartDetection: 0
  m_ImportantGI: 0
  m_StitchLightmapSeams: 0
  m_SelectedEditorRenderState: 3
  m_MinimumChartSize: 4
  m_AutoUVMaxDistance: 0.5
  m_AutoUVMaxAngle: 89
  m_LightmapParameters: {fileID: 0}
  m_SortingLayerID: 0
  m_SortingLayer: 0
  m_SortingOrder: 0
--- !u!1 &8030373447950312889
GameObject:
  m_ObjectHideFlags: 0
  m_CorrespondingSourceObject: {fileID: 0}
  m_PrefabInstance: {fileID: 0}
  m_PrefabAsset: {fileID: 0}
  serializedVersion: 6
  m_Component:
  - component: {fileID: 5878446865930798656}
  m_Layer: 10
  m_Name: endTangent (1)
  m_TagString: Untagged
  m_Icon: {fileID: 0}
  m_NavMeshLayer: 0
  m_StaticEditorFlags: 0
  m_IsActive: 1
--- !u!4 &5878446865930798656
Transform:
  m_ObjectHideFlags: 0
  m_CorrespondingSourceObject: {fileID: 0}
  m_PrefabInstance: {fileID: 0}
  m_PrefabAsset: {fileID: 0}
  m_GameObject: {fileID: 8030373447950312889}
  m_LocalRotation: {x: -0, y: -0, z: -0, w: 1}
  m_LocalPosition: {x: -0.017, y: -0.2464, z: 0.0691}
  m_LocalScale: {x: 1, y: 1, z: 1}
  m_Children: []
  m_Father: {fileID: 2514430343570512285}
  m_RootOrder: 1
  m_LocalEulerAnglesHint: {x: 0, y: 0, z: 0}
--- !u!1 &8650690475385303340
GameObject:
  m_ObjectHideFlags: 0
  m_CorrespondingSourceObject: {fileID: 0}
  m_PrefabInstance: {fileID: 0}
  m_PrefabAsset: {fileID: 0}
  serializedVersion: 6
  m_Component:
  - component: {fileID: 8143552726209534990}
  - component: {fileID: 160456310440394226}
  - component: {fileID: 3149337443560473422}
  m_Layer: 0
  m_Name: cableConnector (1)
  m_TagString: Untagged
  m_Icon: {fileID: 0}
  m_NavMeshLayer: 0
  m_StaticEditorFlags: 0
  m_IsActive: 1
--- !u!4 &8143552726209534990
Transform:
  m_ObjectHideFlags: 0
  m_CorrespondingSourceObject: {fileID: 0}
  m_PrefabInstance: {fileID: 0}
  m_PrefabAsset: {fileID: 0}
  m_GameObject: {fileID: 8650690475385303340}
  m_LocalRotation: {x: 0.022846607, y: 0.7067377, z: 0.02284663, w: 0.70673764}
  m_LocalPosition: {x: -0.503, y: 0.07662457, z: 1.8233982}
  m_LocalScale: {x: 0.01000003, y: 0.010000002, z: 0.0100000305}
  m_Children:
  - {fileID: 1644474470228965524}
  - {fileID: 4069258693223680473}
  m_Father: {fileID: 111079654555715656}
  m_RootOrder: 1
  m_LocalEulerAnglesHint: {x: 0, y: 0, z: 20.785002}
--- !u!33 &160456310440394226
MeshFilter:
  m_ObjectHideFlags: 0
  m_CorrespondingSourceObject: {fileID: 0}
  m_PrefabInstance: {fileID: 0}
  m_PrefabAsset: {fileID: 0}
  m_GameObject: {fileID: 8650690475385303340}
  m_Mesh: {fileID: 4300012, guid: 8adca09b6c4009141bb145948948ca88, type: 3}
--- !u!23 &3149337443560473422
MeshRenderer:
  m_ObjectHideFlags: 0
  m_CorrespondingSourceObject: {fileID: 0}
  m_PrefabInstance: {fileID: 0}
  m_PrefabAsset: {fileID: 0}
  m_GameObject: {fileID: 8650690475385303340}
  m_Enabled: 1
  m_CastShadows: 1
  m_ReceiveShadows: 1
  m_DynamicOccludee: 1
  m_MotionVectors: 1
  m_LightProbeUsage: 1
  m_ReflectionProbeUsage: 1
  m_RenderingLayerMask: 1
  m_RendererPriority: 0
  m_Materials:
  - {fileID: 2100000, guid: dcb3ce457a1408a409dca6ca4df4a373, type: 2}
  m_StaticBatchInfo:
    firstSubMesh: 0
    subMeshCount: 0
  m_StaticBatchRoot: {fileID: 0}
  m_ProbeAnchor: {fileID: 0}
  m_LightProbeVolumeOverride: {fileID: 0}
  m_ScaleInLightmap: 1
  m_PreserveUVs: 0
  m_IgnoreNormalsForChartDetection: 0
  m_ImportantGI: 0
  m_StitchLightmapSeams: 0
  m_SelectedEditorRenderState: 3
  m_MinimumChartSize: 4
  m_AutoUVMaxDistance: 0.5
  m_AutoUVMaxAngle: 89
  m_LightmapParameters: {fileID: 0}
  m_SortingLayerID: 0
  m_SortingLayer: 0
  m_SortingOrder: 0
